<record><leader>00000cas a22000007a 4500</leader><controlfield tag="001">21434262</controlfield><controlfield tag="008">900426d19791979couwr ne      0    0eng d</controlfield><datafield ind1=" " ind2=" " tag="010"><subfield code="a">sn 90051293 </subfield></datafield><datafield ind1=" " ind2=" " tag="040"><subfield code="a">CNQ</subfield><subfield code="b">eng</subfield><subfield code="c">CNQ</subfield><subfield code="d">OCLCQ</subfield></datafield><datafield ind1=" " ind2=" " tag="042"><subfield code="a">msc</subfield></datafield><datafield ind1="0" ind2=" " tag="130"><subfield code="a">Calhan news and Ramah record (Simla, Colo. : 1979)</subfield></datafield><datafield ind1="1" ind2="4" tag="245"><subfield code="a">The Calhan news and Ramah record.</subfield></datafield><datafield ind1="1" ind2="7" tag="246"><subfield code="a">Ranchland farm news</subfield></datafield><datafield ind1=" " ind2=" " tag="260"><subfield code="a">Simla, Colo. :</subfield><subfield code="b">Kobolt Press</subfield></datafield><datafield ind1=" " ind2=" " tag="300"><subfield code="a">v.</subfield></datafield><datafield ind1=" " ind2=" " tag="310"><subfield code="a">Weekly</subfield></datafield><datafield ind1="0" ind2=" " tag="362"><subfield code="a">Vol. 42, no. 1 (Aug. 30, 1979)-v. 42, no. 4 (Sept. 20, 1979).</subfield></datafield><datafield ind1=" " ind2=" " tag="530"><subfield code="a">Available on microfilm from the Colorado Historical Society.</subfield></datafield><datafield ind1=" " ind2=" " tag="580"><subfield code="a">Issued with: Ranchland farm news, Aug. 30, 1979-Sept. 20, 1979.</subfield></datafield><datafield ind1=" " ind2=" " tag="752"><subfield code="a">United States</subfield><subfield code="b">Colorado</subfield><subfield code="c">Elbert</subfield><subfield code="d">Simla.</subfield></datafield><datafield ind1=" " ind2=" " tag="752"><subfield code="a">United States</subfield><subfield code="b">Colorado</subfield><subfield code="c">El Paso</subfield><subfield code="d">Calhan.</subfield></datafield><datafield ind1="1" ind2=" " tag="777"><subfield code="t">Ranchland farm news</subfield><subfield code="w">(DLC)sn 90051292</subfield></datafield><datafield ind1="0" ind2="0" tag="785"><subfield code="t">Calhan news (Simla, Colo. : 1979)</subfield><subfield code="w">(DLC)sn 90051294</subfield></datafield></record>